<?xml version="1.0" encoding="UTF-8"?><collection xmlns="http://www.loc.gov/MARC21/slim"><record><leader>00441nam--2200145-i-4500</leader><controlfield tag="001">000034141</controlfield><controlfield tag="002">20161230</controlfield><controlfield tag="005">20161230201039</controlfield><controlfield tag="008">060222s1000------------r-----000-0-eng-d</controlfield><datafield ind1=" " ind2=" " tag="080"><subfield code="a">546.811:547.25</subfield></datafield><datafield ind1=" " ind2=" " tag="100"><subfield code="a">Neuman, Wilhelm P. Und Ziegler, Karl</subfield></datafield><datafield ind1=" " ind2=" " tag="245"><subfield code="a">Die organische chemie des zinns</subfield></datafield><datafield ind1=" " ind2=" " tag="260"><subfield code="a">Stuttgart, Ferdinand Enke Verlag, 1967. Xii + 232p</subfield></datafield><datafield ind1=" " ind2=" " tag="490"><subfield code="a">Sammlung Chemischer Und Chemisch-technischer Beitrage,</subfield></datafield><datafield ind1=" " ind2=" " tag="852"><subfield code="a">29883</subfield></datafield></record></collection>